<?xml version="1.0" encoding="UTF-8"?><collection xmlns="http://www.loc.gov/MARC21/slim"><record><leader>00302nam--2200121-i-4500</leader><controlfield tag="001">000042380</controlfield><controlfield tag="002">20161230</controlfield><controlfield tag="005">20161230201043</controlfield><controlfield tag="008">060222s1000------------r-----000-0-eng-d</controlfield><datafield ind1=" " ind2=" " tag="080"><subfield code="a">629.19(489)</subfield></datafield><datafield ind1=" " ind2=" " tag="245"><subfield code="a">Space research in denmark:1980-1981</subfield></datafield><datafield ind1=" " ind2=" " tag="260"><subfield code="a">Kobenhavn, Danish Acad.Of Sc.,1978</subfield></datafield><datafield ind1=" " ind2=" " tag="852"><subfield code="a">72523</subfield></datafield></record></collection>